@techreport{onu2018,
  AUTHOR =        {United Nations - ONU},
  TITLE =         {United Nations e-government survey: Gearing e-government to support transformation towards sustainable and resilient societies.},
  NUMBER =        {978-92-1- 123208-0},
  INSTITUTION =   {Department of Economic and Social Affairs, United Nations},
  ADDRESS =       {New York},
  year  =         {2018},
  AUTHOR1_URL =   {publicadministration.un.org},
  PAGES =         {269},
  URL   =         {https://publicadministration.un.org/egovkb/Portals/egovkb/Documents/un/2018-Survey/E-Government%20Survey%202018_FINAL%20for%20web.pdf}
}


@book{reddick2012public,
  title={Public administration and information technology},
  author={Reddick, Christopher G and others},
  year={2012},
  publisher={Springer}
}

@article{parra2017governancca,
  title={Governan{\c{c}}a digital como vetor para uma nova gera{\c{c}}{\~a}o de tecnologias de participa{\c{c}}{\~a}o social no Brasil},
  author={Parra Filho, Henrique Carlos Parra e Martins, Ricardo Augusto Poppi},
  journal={Liinc em revista},
  volume={13},
  number={1},
  year={2017}
}

@article{afdb2014uneca,
  title={UNECA. 2014},
  author={UNECA},
  journal={African economic outlook 2014},
  year={2014}
}

@article{bovaird2007beyond,
  title={Beyond engagement and participation: User and community coproduction of public services},
  author={Bovaird, Tony},
  journal={Public administration review},
  volume={67},
  number={5},
  pages={846--860},
  year={2007},
  publisher={Wiley Online Library}
}

@incollection{macintosh2008democracy,
  title={E-democracy and e-participation research in Europe},
  author={Macintosh, Ann},
  booktitle={Digital Government},
  pages={85--102},
  year={2008},
  publisher={Springer}
}

@article{germani2016desafios,
  title={Desafios para o desenvolvimento de servi{\c{c}}os digitais pelo governo federal brasileiro},
  author={Germani, Leonardo},
  journal={Cultura Digital, internet e apropria{\c{c}}{\~o}es pol{\'\i}ticas},
  pages={73},
  year={2016}
}

@article{araujo2015democracia,
  title={Democracia digital e experi{\^e}ncias de e-participa{\c{c}}{\~a}o: webativismo e pol{\'\i}ticas p{\'u}blicas},
  author={Ara{\'u}jo, Rafael de Paula Aguiar and Penteado, Cl{\'a}udio Luis Camargo and dos Santos, Marcelo Burgos Pimentel},
  journal={Hist{\'o}ria, Ci{\^e}ncias, Sa{\'u}de-Manguinhos},
  volume={22},
  pages={1597--1619},
  year={2015},
  publisher={Funda{\c{c}}{\~a}o Oswaldo Cruz}
}